@book{bracewell1986fourier,
  title={The Fourier transform and its applications},
  author={Bracewell, Ronald Newbold and Bracewell, Ronald N},
  volume={31999},
  year={1986},
  publisher={McGraw-Hill New York}
}

@book{stoica1997introduction,
  title={Introduction to spectral analysis},
  author={Stoica, Petre},
  year={1997},
  publisher={Prentice hall}
}

@article{harvill2013bispectral,
  title={Bispectral-based methods for clustering time series},
  author={Harvill, Jane L and Ravishanker, Nalini and Ray, Bonnie K},
  journal={Computational Statistics \& Data Analysis},
  volume={64},
  pages={113--131},
  year={2013},
  publisher={Elsevier}
}

@article{priestley1981spectral,
  title={Spectral analysis and time series},
  author={Priestley, Maurice Bertram},
  year={1981},
  publisher={Academic press}
}

@misc{neto_2018,
  title={Fourier Transform: A R Tutorial},
  url={http://www.di.fc.ul.pt/~jpn/r/fourier/fourier.html},
  journal={Di.fc.ul.pt},
  author={Neto, Jo√£o},
  year={2018}
 }

 @article{karn2016intuitive,
  title={An intuitive explanation of convolutional neural networks},
  author={Karn, Ujjwal},
  journal={ujjwalkarn, August},
  year={2016}
}

 @misc{cs231n,
  title={Convolutional Neural Networks for Visual Recognition},
  url={http://cs231n.github.io/convolutional-networks/},
  journal={Cs231n.github.io},
  year={2018}
 }

@misc{chollet2015keras,
  title={Keras official document},
  author={Chollet, Fran{\c{c}}ois},
  year={2015}
}

@article{bagnall16bakeoff,
title={The Great Time Series Classification Bake Off: a Review and Experimental Evaluation of Recent Algorithmic Advances},
author={A. Bagnall and J. Lines and A. Bostrom and J. Large and E. Keogh},
journal={Data Mining and Knowledge Discovery},
volume={Online First},
year={2016}
}

@inproceedings{wang2017time,
  title={Time series classification from scratch with deep neural networks: A strong baseline},
  author={Wang, Zhiguang and Yan, Weizhong and Oates, Tim},
  booktitle={Neural Networks (IJCNN), 2017 International Joint Conference on},
  pages={1578--1585},
  year={2017},
  organization={IEEE}
}






